@manual{etsimbt,
    organization    = "ETSI",
    title           = "Methods for Testing and Specification (MTS); Model-Based Testing (MBT); Requirements for Modelling Notations",
    number          = "ETSI ES 202 951",
    year            = 2011,
    note            = "v1.1.1",
    month           = 7
}

@online{libutapsite,
    title   = "Uppaal Timed Automata Parser Library",
    url     = "http://people.cs.aau.dk/~marius/utap/"
}


@article{uppaaltoolkit,
    title       = "Uppaal - a Tool Suite for Automatic Verification of Real-Time Systems",
    author      = "Johan Bengtsson and Kim G. Larsen and Fredrik Larsson and Paul Pettersson and Wang Yi",
    journal     = "Proceedings of the 4th DIMACS Workshop on Verification and Control of Hybrid Systems",
    isbn        = "354061155X",
    year        = 1995
}

@book{mcprinciples,
    title       = "Principles of Model Checking",
    author      = "Christel Baier and Joost-Pieter Katoen",
    isbn        = "9780262026499",
    year        = 2008,
    pages       = "667--688",
    publisher   = "The MIT Press"
}

@article{tdlarticle,
    title       = "Test Scenario Specification Language for Model-based Testing",
    author      = "Evelin Halling and JÃ¼ri Vain and Artem Boyarchuk and Oleg Illiashenko",
    journal     = "International Journal of Computing",
    year        = "unpublished draft"
}
