@book{patternbook,
 author = {Gamma, Erich and Helm, Richard and Johnson, Ralph and Vlissides, John},
 title = {Design Patterns: Elements of Reusable Object-oriented Software},
 year = {1995},
 isbn = {0201633612},
 publisher = {Addison-Wesley Longman Publishing Co., Inc.},
 address = {Boston, MA, USA},
}

@online{defaultmethodslink,
    title   = "The Java Tutorials: Default Methods",
    url     = "https://docs.oracle.com/javase/tutorial/java/IandI/defaultmethods.html"
}