@manual{etsimbt,
    organization = "ETSI",
    title = "Methods for Testing and Specification (MTS); Model-Based Testing (MBT); Requirements for Modelling Notations",
    number = "ETSI ES 202 951",
    year =  2011,
    note = "v1.1.1",
    month =  7
}

@online{libutapsite,
    title = "Uppaal Timed Automata Parser Library",
    url = "http://people.cs.aau.dk/~marius/utap/"
}


@article{uppaaltoolkit,
    title = "Uppaal - a Tool Suite for Automatic Verification of Real-Time Systems",
    author = "Johan Bengtsson and Kim G. Larsen and Fredrik Larsson and Paul Pettersson and Wang Yi",
    journal = "Proceedings of the 4th DIMACS Workshop on Verification and Control of Hybrid Systems",
    isbn = "3-540-61155-X",
    year = 1995
}
