@online{antlrsite,
    title   = "ANTLR",
    url     = "https://www.antlr.org/"
}

@online{antlrrecursion,
    title   = "What is the difference between ANTLR 3 and 4?",
    url     = "https://github.com/antlr/antlr4/blob/master/doc/faq/general.md#what-is-the-difference-between-antlr-3-and-4"
}

@article{antlrcomplex,
    title       = "Adaptive LL(*) parsing: the power of dynamic analysis",
    author      = "Terence Parr and Sam Harwell and Kathleen Fisher",
    journal     = "Proceedings of the 2014 ACM International Conference on Object Oriented Programming Systems Languages \& Applications",
    pages       = "579--598",
    isbn        = "9781450325851",
    year        = 2014
}

@article{tdlarticle,
    title       = "Test Scenario Specification Language for Model-based Testing",
    author      = "Evelin Halling and JÃ¼ri Vain and Artem Boyarchuk and Oleg Illiashenko",
    journal     = "International Journal of Computing",
    year        = "unpublished draft"
}

@book{antlrtutorial,
 author = {Parr, Terence},
 title = {The Definitive ANTLR 4 Reference},
 year = {2013},
 isbn = {1934356999, 9781934356999},
 edition = {2nd},
 publisher = {Pragmatic Bookshelf},
} 
